<record><leader>00000cas a22000007a 4500</leader><controlfield tag="001">20979514</controlfield><controlfield tag="008">900131c198u9999oruwr ne      0   a0eng d</controlfield><datafield ind1=" " ind2=" " tag="010"><subfield code="a">sn 90004423 </subfield></datafield><datafield ind1=" " ind2=" " tag="040"><subfield code="a">NSD</subfield><subfield code="b">eng</subfield><subfield code="c">NSD</subfield><subfield code="d">DLC</subfield><subfield code="d">OCLCQ</subfield></datafield><datafield ind1=" " ind2=" " tag="012"><subfield code="m">1</subfield></datafield><datafield ind1="1" ind2=" " tag="022"><subfield code="a">1048-5961</subfield><subfield code="l">1048-5961</subfield><subfield code="2">1</subfield></datafield><datafield ind1=" " ind2=" " tag="032"><subfield code="a">004673</subfield><subfield code="b">USPS</subfield></datafield><datafield ind1=" " ind2=" " tag="037"><subfield code="b">The Citizen, P.O. Box 2399, La Pine, OR 97739</subfield></datafield><datafield ind1=" " ind2=" " tag="042"><subfield code="a">nsdp</subfield><subfield code="a">msc</subfield></datafield><datafield ind1="0" ind2=" " tag="130"><subfield code="a">Citizen (La Pine, Or.)</subfield></datafield><datafield ind1=" " ind2="4" tag="222"><subfield code="a">The Citizen</subfield><subfield code="b">(La Pine, Or.)</subfield></datafield><datafield ind1="1" ind2="4" tag="245"><subfield code="a">The Citizen.</subfield></datafield><datafield ind1=" " ind2=" " tag="260"><subfield code="a">[La Pine, Or. :</subfield><subfield code="b">Citizen Pub. Co.]</subfield></datafield><datafield ind1=" " ind2=" " tag="300"><subfield code="a">v.</subfield></datafield><datafield ind1=" " ind2=" " tag="310"><subfield code="a">Weekly</subfield></datafield><datafield ind1=" " ind2=" " tag="588"><subfield code="a">Description based on: Vol. 3, no. 18 (week of Oct. 25, 1989 thru Oct. 31, 1989).</subfield></datafield><datafield ind1=" " ind2=" " tag="752"><subfield code="a">United States</subfield><subfield code="b">Oregon</subfield><subfield code="c">Deschutes</subfield><subfield code="d">La Pine.</subfield></datafield></record>